<record xmlns="http://www.loc.gov/MARC21/slim" xmlns:xsi="http://www.w3.org/2001/XMLSchema-instance" xsi:schemaLocation="http://www.loc.gov/MARC21/slim http://www.loc.gov/standards/marcxml/schema/MARC21slim.xsd">

  <leader>00635nam a2200169Ia 4500</leader>
  <datafield ind1=" " tag="999" ind2=" ">
    <subfield code="c">970</subfield>
    <subfield code="d">970</subfield>
  </datafield>
  <controlfield tag="008">170919b2000    cr ||||| |||| 00| | spa d</controlfield>
  <datafield ind1=" " ind2=" " tag="020">
    <subfield code="a">9977251177</subfield>
  </datafield>
  <datafield tag="090" ind2=" " ind1=" ">
    <subfield code="a">04.01.01 </subfield>
    <subfield code="b">885</subfield>
  </datafield>
  <datafield tag="110" ind2=" " ind1="1">
    <subfield code="a">Instituto Latinoamericano de Naciones Unidas para la Prevención del Delito y Tratamiento del Delincuente (ILANUD)</subfield>
    <subfield code="9">3190</subfield>
  </datafield>
  <datafield ind1="1" ind2="0" tag="245">
    <subfield code="a">Propuesta curricular para iniciar el proceso de incorporar la perspectiva de género en los cursos de Derecho de Familia /</subfield>
    <subfield code="c">Instituto Latinoamericano de Naciones Unidas para la Prevención del Delito y Tratamiento del Delincuente</subfield>
  </datafield>
  <datafield tag="260" ind2=" " ind1=" ">
    <subfield code="a">San José, Costa Rica : </subfield>
    <subfield code="b">ILANUD, </subfield>
    <subfield code="c">2000</subfield>
  </datafield>
  <datafield ind1=" " ind2=" " tag="300">
    <subfield code="a">81 páginas</subfield>
  </datafield>
  <datafield ind1=" " ind2=" " tag="490">
    <subfield code="a">Nuevas Perspectivas de la Enseñanza del Derecho</subfield>
  </datafield>
  <datafield tag="650" ind2="4" ind1="1">
    <subfield code="a">DERECHO</subfield>
    <subfield code="9">823</subfield>
  </datafield>
  <datafield ind2="4" tag="650" ind1="1">
    <subfield code="a">ENSEÑANZA</subfield>
    <subfield code="9">14</subfield>
  </datafield>
  <datafield ind2="4" tag="650" ind1="1">
    <subfield code="a">GÉNERO</subfield>
    <subfield code="9">69</subfield>
  </datafield>
  <datafield tag="650" ind2="4" ind1="1">
    <subfield code="a">DERECHO DE FAMILIA</subfield>
    <subfield code="9">2989</subfield>
  </datafield>
  <datafield ind2=" " tag="942" ind1=" ">
    <subfield code="2">z</subfield>
    <subfield code="c">01</subfield>
  </datafield>
</record>